@webpage{WebAvogadro,
	title  = {Avogadro: an open-source molecular builder and visualization tool, Version 1.01},
	url = {http://avogadro.openmolecules.net}
}
@webpage{WebPanton,
	title  = {Panton Principles - Principles for Open Data in Science},
	url = {http://pantonprinciples.org}
}
@webpage{WebCC0,
	title  = {About CC0 - ``No Rights Reserved''},
	url  = {http://creativecommons.org/about/cc0},
}
@webpage{WebOpenBabel,
	title  = {Open Babel, Version 2.3.0},
	url  = {http://openbabel.org},
}
@webpage{WebRDKit,
	title  = {RDKit, Version Q1 2011},
	url  = {http://rdkit.org},
}

